<?xml version="1.0" encoding="UTF-8"?><collection xmlns="http://www.loc.gov/MARC21/slim"><record><leader>00418nam--2200121-i-4500</leader><controlfield tag="001">000044112</controlfield><controlfield tag="002">20161230</controlfield><controlfield tag="005">20161230201044</controlfield><controlfield tag="008">060222s1000------------r-----000-0-eng-d</controlfield><datafield ind1=" " ind2=" " tag="080"><subfield code="a">016</subfield></datafield><datafield ind1=" " ind2=" " tag="245"><subfield code="a">Publications from the montreal laboratory and the chalk river atomic energy project of the national research council of canada - 1943-1952</subfield></datafield><datafield ind1=" " ind2=" " tag="260"><subfield code="a">Chalk River, Atomic Energy Of Canada Limited, 1963, 24p</subfield></datafield><datafield ind1=" " ind2=" " tag="852"><subfield code="a">20352</subfield></datafield></record></collection>